<?xml version="1.0" encoding="UTF-8"?><record xmlns="http://www.loc.gov/MARC21/slim" xmlns:cinclude="http://apache.org/cocoon/include/1.0" xmlns:zs="http://www.loc.gov/zing/srw/">
  <leader>00516nz  a2200133n  4500</leader>
  <controlfield tag="001">no2009144784</controlfield>
  <controlfield tag="003">DLC</controlfield>
  <controlfield tag="005">20090913075250.0</controlfield>
  <controlfield tag="008">090911n| acannaabn          |n aaa     c</controlfield>
  <datafield tag="010" ind1=" " ind2=" ">
    <subfield code="a">no2009144784</subfield>
  </datafield>
  <datafield tag="035" ind1=" " ind2=" ">
    <subfield code="a">(OCoLC)oca08237010</subfield>
  </datafield>
  <datafield tag="040" ind1=" " ind2=" ">
    <subfield code="a">FJUNF</subfield>
    <subfield code="b">eng</subfield>
    <subfield code="c">FJUNF</subfield>
  </datafield>
  <datafield tag="100" ind1="1" ind2=" ">
    <subfield code="a">Fleming, Kathryn Ann,</subfield>
    <subfield code="d">1985-</subfield>
  </datafield>
  <datafield tag="670" ind1=" " ind2=" ">
    <subfield code="a">Individual differences in self-monitoring and communication within friendship networks, 2008</subfield>
    <subfield code="b">t.p. (Kathryn Ann Fleming) author's info. sheet (Kathryn Fleming ... Kathryn Ann Fleming ... year of birth: 1985)</subfield>
  </datafield>
</record>